%% LaTeX2e file `Literatur.bib'
%% generated by the `filecontents' environment
%% from source `Dokumentation' on 2023/03/15.
%%
@Manual{Tantau:Tikz,
  Title        = {{TikZ \& PGF Manual for Version 3.0.1a}},
  Author       = {Till Tantau},
  Organization = {Institut f\"ur Theoretische Informatik},
  Address      = {Universit\"at zu L\"ubeck},
  Edition      = {3},
  Month        = {7},
  Year         = {2015},
  Note         = {\url{ftp://ftp.fu-berlin.de/tex/CTAN/graphics/pgf/base/doc/pgfmanual.pdf}}
}

@techreport{Frank:MEMOOrgML2,
 author = {Ulrich Frank},
 title = {{MEMO Organisation Modelling Language (2): Focus on Business Processes}},
 address = {ICB-Research Report No. 49, Institute for Computer Science and Business Information Systems (ICB), University Duisburg-Essen},
 year = {2011}
}
